@article{watanabe2019simd,
    title={SIMD vectorization for the Lennard-Jones potential with AVX2 and AVX-512 instructions},
    author={Watanabe, Hiroshi and Nakagawa, Koh M},
    journal={Computer Physics Communications},
    volume={237},
    pages={1--7},
    year={2019},
    publisher={Elsevier}
}

@article{kahan1996ieee,
  title={IEEE standard 754 for binary floating-point arithmetic},
  author={Kahan, William},
  journal={Lecture Notes on the Status of IEEE},
  volume={754},
  number={94720-1776},
  pages={11},
  year={1996}
}

@book{roberts1987digital,
  title={Digital signal processing},
  author={Roberts, Richard A and Mullis, Clifford T},
  year={1987},
  publisher={Addison-Wesley Longman Publishing Co., Inc.}
}

@article{assarsson2000optimized,
  title={Optimized view frustum culling algorithms for bounding boxes},
  author={Assarsson, Ulf and Moller, Tomas},
  journal={Journal of graphics tools},
  volume={5},
  number={1},
  pages={9--22},
  year={2000},
  publisher={Taylor \& Francis}
}

@inproceedings{tracy2009efficient,
  title={Efficient large-scale sweep and prune methods with AABB insertion and removal},
  author={Tracy, Daniel J and Buss, Samuel R and Woods, Bryan M},
  booktitle={2009 IEEE Virtual Reality Conference},
  pages={191--198},
  year={2009},
  organization={IEEE}
}
